<record><leader>00000cas a22000007a 4500</leader><controlfield tag="001">17227187</controlfield><controlfield tag="008">871212d1uuu1907inudn ne      0    0eng d</controlfield><datafield ind1=" " ind2=" " tag="010"><subfield code="a">sn 87056908 </subfield></datafield><datafield ind1=" " ind2=" " tag="040"><subfield code="a">NPI</subfield><subfield code="b">eng</subfield><subfield code="c">NPI</subfield><subfield code="d">OCLCQ</subfield><subfield code="d">IUL</subfield><subfield code="d">OCLCF</subfield></datafield><datafield ind1=" " ind2=" " tag="042"><subfield code="a">msc</subfield></datafield><datafield ind1=" " ind2=" " tag="043"><subfield code="a">n-us-in</subfield></datafield><datafield ind1="0" ind2=" " tag="130"><subfield code="a">Daily news (Anderson, Ind.)</subfield></datafield><datafield ind1="1" ind2="4" tag="245"><subfield code="a">The daily news.</subfield></datafield><datafield ind1=" " ind2=" " tag="260"><subfield code="a">Anderson, Ind. :</subfield><subfield code="b">Democrat Print. Co.</subfield></datafield><datafield ind1=" " ind2=" " tag="300"><subfield code="a">volumes</subfield></datafield><datafield ind1=" " ind2=" " tag="310"><subfield code="a">Daily (except Sun.)</subfield></datafield><datafield ind1="1" ind2=" " tag="362"><subfield code="a">Ceased in 1907.</subfield></datafield><datafield ind1=" " ind2=" " tag="588"><subfield code="a">Description based on: Whole no. 5389 (Sept. 4, 1905).</subfield></datafield><datafield ind1=" " ind2="0" tag="651"><subfield code="a">Anderson (Ind.)</subfield><subfield code="v">Newspapers.</subfield></datafield><datafield ind1=" " ind2="0" tag="651"><subfield code="a">Madison County (Ind.)</subfield><subfield code="v">Newspapers.</subfield></datafield><datafield ind1=" " ind2="7" tag="655"><subfield code="a">Newspapers.</subfield><subfield code="2">fast</subfield><subfield code="0">(OCoLC)fst01423814</subfield></datafield><datafield ind1=" " ind2="7" tag="651"><subfield code="a">Indiana</subfield><subfield code="z">Anderson.</subfield><subfield code="2">fast</subfield><subfield code="0">(OCoLC)fst01203002</subfield></datafield><datafield ind1=" " ind2="7" tag="651"><subfield code="a">Indiana</subfield><subfield code="z">Madison County.</subfield><subfield code="2">fast</subfield><subfield code="0">(OCoLC)fst01205328</subfield></datafield><datafield ind1=" " ind2=" " tag="752"><subfield code="a">United States</subfield><subfield code="b">Indiana</subfield><subfield code="c">Madison</subfield><subfield code="d">Anderson.</subfield></datafield><datafield ind1="0" ind2="0" tag="780"><subfield code="t">News (Anderson, Ind.)</subfield><subfield code="w">(DLC)sn 86058377</subfield><subfield code="w">(OCoLC)13316931</subfield></datafield><datafield ind1="0" ind2="4" tag="785"><subfield code="t">Anderson daily bulletin (Anderson, Ind. : 1918)</subfield><subfield code="w">(DLC)sn 86058346</subfield><subfield code="w">(OCoLC)13314571</subfield></datafield></record>